<?xml version="1.0" encoding="UTF-8"?><collection xmlns="http://www.loc.gov/MARC21/slim"><record><leader>00358nam--2200133-i-4500</leader><controlfield tag="001">000042925</controlfield><controlfield tag="002">20161230</controlfield><controlfield tag="005">20161230201043</controlfield><controlfield tag="008">060222s1000------------r-----000-0-eng-d</controlfield><datafield ind1=" " ind2=" " tag="080"><subfield code="a">543.53</subfield></datafield><datafield ind1=" " ind2=" " tag="100"><subfield code="a">Stewart,Robert F</subfield></datafield><datafield ind1=" " ind2=" " tag="245"><subfield code="a">Nuclear measurement of carbon in bulk materials</subfield></datafield><datafield ind1=" " ind2=" " tag="260"><subfield code="a">Morgantown, Morgantown Research Center, 1967. 14 P</subfield></datafield><datafield ind1=" " ind2=" " tag="852"><subfield code="a">25783</subfield></datafield></record></collection>